<record><leader>00000cas a2200000 a 4500</leader><controlfield tag="001">11422564</controlfield><controlfield tag="008">841127d1852185uiluwr ne      0   a0eng c</controlfield><datafield ind1=" " ind2=" " tag="010"><subfield code="a">sn 84038654 </subfield></datafield><datafield ind1=" " ind2=" " tag="040"><subfield code="a">NPX</subfield><subfield code="b">eng</subfield><subfield code="c">NPX</subfield><subfield code="d">NVF</subfield><subfield code="d">OCL</subfield><subfield code="d">OCLCQ</subfield><subfield code="d">NVF</subfield><subfield code="d">OCLCQ</subfield><subfield code="d">NVF</subfield><subfield code="d">OCLCF</subfield><subfield code="d">OCLCO</subfield></datafield><datafield ind1="1" ind2=" " tag="029"><subfield code="a">AU@</subfield><subfield code="b">000020233018</subfield></datafield><datafield ind1=" " ind2=" " tag="042"><subfield code="a">pcc</subfield></datafield><datafield ind1=" " ind2=" " tag="043"><subfield code="a">n-us-il</subfield></datafield><datafield ind1="0" ind2=" " tag="130"><subfield code="a">Age of steam (Vandalia, Ill. : 1852)</subfield></datafield><datafield ind1="1" ind2="4" tag="245"><subfield code="a">The age of steam.</subfield></datafield><datafield ind1=" " ind2=" " tag="260"><subfield code="a">Vandalia, Ill. :</subfield><subfield code="b">James Kennaday &amp; H.P.H. Bromwell</subfield></datafield><datafield ind1=" " ind2=" " tag="300"><subfield code="a">v.</subfield></datafield><datafield ind1=" " ind2=" " tag="310"><subfield code="a">Weekly</subfield></datafield><datafield ind1="1" ind2=" " tag="362"><subfield code="a">Began Apr. 21, 1852.</subfield></datafield><datafield ind1=" " ind2=" " tag="588"><subfield code="a">Description based on: Vol. 1, no. 3 (May 5, 1852).</subfield></datafield><datafield ind1=" " ind2=" " tag="588"><subfield code="a">Latest issue consulted: Dec. 7, 1852.</subfield></datafield><datafield ind1=" " ind2="0" tag="651"><subfield code="a">Vandalia (Ill.)</subfield><subfield code="v">Newspapers.</subfield></datafield><datafield ind1=" " ind2="7" tag="655"><subfield code="a">Newspapers.</subfield><subfield code="2">fast</subfield><subfield code="0">(OCoLC)fst01423814</subfield></datafield><datafield ind1=" " ind2="7" tag="651"><subfield code="a">Illinois</subfield><subfield code="z">Vandalia.</subfield><subfield code="2">fast</subfield><subfield code="0">(OCoLC)fst01250146</subfield></datafield><datafield ind1=" " ind2=" " tag="752"><subfield code="a">United States</subfield><subfield code="b">Illinois</subfield><subfield code="c">Fayette</subfield><subfield code="d">Vandalia.</subfield></datafield><datafield ind1="0" ind2="0" tag="785"><subfield code="t">Age of steam &amp; fire</subfield><subfield code="w">(DLC)sn 92054461</subfield><subfield code="w">(OCoLC)25175845</subfield></datafield></record>